  @Manual{R,
    title = {R: A Language and Environment for Statistical Computing},
    author = {{R Core Team}},
    organization = {R Foundation for Statistical Computing},
    address = {Vienna, Austria},
    year = {2014},
    url = {http://www.R-project.org/},
  }
  
  @Book{sp,
  author = {Roger S. Bivand and Edzer Pebesma and Virgilio Gomez-Rubio},
  title = {Applied spatial data analysis with {R}, Second edition},
  year = {2013},
  publisher = {Springer, NY},
  url = {http://www.asdar-book.org/},
}

@Manual{traj,
  title = {trajectories: Classes and methods for trajectory data},
  author = {Edzer Pebesma and Benedikt Klus},
  year = {2014},
  note = {R package version 0.1-1},
  url = {http://CRAN.R-project.org/package=trajectories},
}

@Article{st,
  title = {{spacetime}: Spatio-Temporal Data in {R}},
  author = {Edzer Pebesma},
  journal = {Journal of Statistical Software},
  year = {2012},
  volume = {51},
  number = {7},
  pages = {1--30},
  url = {http://www.jstatsoft.org/v51/i07/},
}

@Manual{envirocar,
  title = {enviroCaR: Analysis of car trajectories provided by enviroCar project},
  author = {Edzer Pebesma and Christoph Stasch and Jan Wirwahn},
  year = {2014},
  note = {R package version 0.1},
  url = {https://github.com/enviroCar/enviroCaR},
}